<?xml version = "1.0" encoding = "UTF-8"?><OAI-PMH xmlns="http://www.openarchives.org/OAI/2.0/" xmlns:xsi="http://www.w3.org/2001/XMLSchema-instance" xsi:schemaLocation="http://www.openarchives.org/OAI/2.0/ http://www.openarchives.org/OAI/2.0/OAI-PMH.xsd"><ListRecords><record><header><identifier>aleph-publish:020940133</identifier></header><metadata><record xmlns="http://www.ddb.de/professionell/mabxml/mabxml-1.xsd"><leader>00000nM2.01200024------h</leader><controlfield tag="LDR">00000nM2.01200024------h</controlfield><controlfield tag="FMT">MH</controlfield><datafield tag="001" ind1="-" ind2="1"><subfield code="a">HT018770176</subfield></datafield><datafield tag="002" ind1="b" ind2="1"><subfield code="a">20151002</subfield></datafield><datafield tag="003" ind1="-" ind2="1"><subfield code="a">20220831085600.0</subfield></datafield><datafield tag="020" ind1="a" ind2="1"><subfield code="a">1076583180</subfield><subfield code="b">DNB</subfield></datafield><datafield tag="025" ind1="o" ind2="1"><subfield code="a">922065398</subfield></datafield><datafield tag="025" ind1="a" ind2="1"><subfield code="a">1076583180</subfield></datafield><datafield tag="026" ind1="-" ind2="1"><subfield code="a">DNB1076583180</subfield></datafield><controlfield tag="030">a||dr||||||17</controlfield><datafield tag="036" ind1="a" ind2="1"><subfield code="a">XA-DE-BE</subfield></datafield><datafield tag="037" ind1="b" ind2="1"><subfield code="a">ger</subfield></datafield><controlfield tag="050">a|a|||||||||||</controlfield><controlfield tag="051">sy||||||</controlfield><datafield tag="060" ind1="-" ind2="1"><subfield code="b">txt</subfield><subfield code="a">Text</subfield></datafield><datafield tag="061" ind1="-" ind2="1"><subfield code="b">n</subfield><subfield code="a">ohne Hilfsmittel zu benutzen</subfield></datafield><datafield tag="062" ind1="-" ind2="1"><subfield code="b">nc</subfield><subfield code="a">Band</subfield></datafield><datafield tag="064" ind1="a" ind2="1"><subfield code="a">Hochschulschrift</subfield><subfield code="9">(DE-588)4113937-9</subfield></datafield><datafield tag="070" ind1="-" ind2="1"><subfield code="a">6/228</subfield></datafield><datafield tag="070" ind1="a" ind2="1"><subfield code="a">DNB</subfield></datafield><datafield tag="070" ind1="b" ind2="1"><subfield code="a">708</subfield></datafield><datafield tag="080" ind1="-" ind2="1"><subfield code="a">60</subfield></datafield><datafield tag="100" ind1="-" ind2="1"><subfield code="p">Stahl, Dominik</subfield><subfield code="9">(DE-588)1077889038</subfield></datafield><datafield tag="331" ind1="-" ind2="1"><subfield code="a">Strafzumessungstatsachen zwischen Verbrechenslehre und Straftheorie</subfield></datafield><datafield tag="335" ind1="-" ind2="1"><subfield code="a">zugleich ein Beitrag zur Strafzumessungsrelevanz des Vor- und Nachtatverhaltens</subfield></datafield><datafield tag="359" ind1="-" ind2="1"><subfield code="a">von Dominik Stahl</subfield></datafield><datafield tag="403" ind1="-" ind2="1"><subfield code="a">[1. Aufl.]</subfield></datafield><datafield tag="419" ind1="-" ind2="1"><subfield code="a">Berlin</subfield><subfield code="b">Duncker &amp; Humblot</subfield><subfield code="c">2015</subfield></datafield><datafield tag="425" ind1="a" ind2="1"><subfield code="a">2015</subfield></datafield><datafield tag="433" ind1="-" ind2="1"><subfield code="a">276 Seiten</subfield></datafield><datafield tag="435" ind1="-" ind2="1"><subfield code="a">24 cm, 400 g</subfield></datafield><datafield tag="451" ind1="-" ind2="1"><subfield code="a">Strafrechtliche Abhandlungen ; Neue Folge, Band 264</subfield></datafield><datafield tag="453" ind1="-" ind2="1"><subfield code="a">HT001252640</subfield></datafield><datafield tag="455" ind1="-" ind2="1"><subfield code="a">Neue Folge, Band 264</subfield></datafield><datafield tag="456" ind1="-" ind2="1"><subfield code="a">NF,264</subfield></datafield><datafield tag="520" ind1="-" ind2="1"><subfield code="b">Dissertation</subfield><subfield code="c">Albert-Ludwigs-Universität Freiburg</subfield><subfield code="d">2014/2015</subfield></datafield><datafield tag="527" ind1="z" ind2="1"><subfield code="p">Erscheint auch als</subfield><subfield code="n">Online-Ausgabe</subfield><subfield code="a">Stahl, Dominik: Strafzumessungstatsachen zwischen Verbrechenslehre und Straftheorie</subfield><subfield code="9">HT018907470</subfield></datafield><datafield tag="540" ind1="a" ind2="1"><subfield code="a">978-3-428-14733-5</subfield><subfield code="b">Broschur : EUR 77.10 (AT), EUR 74.90 (DE)</subfield></datafield><datafield tag="540" ind1="a" ind2="1"><subfield code="a">3-428-14733-2</subfield></datafield><datafield tag="553" ind1="a" ind2="1"><subfield code="a">9783428147335</subfield></datafield><datafield tag="574" ind1="-" ind2="1"><subfield code="a">15,N39</subfield></datafield><datafield tag="655" ind1="e" ind2="1"><subfield code="m">B:DE-101</subfield><subfield code="q">application/pdf</subfield><subfield code="u">http://digitale-objekte.hbz-nrw.de/storage2/2016/02/20/file_18/6643264.pdf</subfield><subfield code="3">Inhaltsverzeichnis</subfield><subfield code="A">2</subfield></datafield><datafield tag="673" ind1="c" ind2="1"><subfield code="a">Freiburg im Breisgau</subfield><subfield code="9">(DE-588)4018272-1</subfield></datafield><datafield tag="677" ind1="-" ind2="1"><subfield code="k">Duncker &amp; Humblot</subfield><subfield code="9">(DE-588)5082687-6</subfield><subfield code="4">pbl</subfield><subfield code="3">Verlag</subfield></datafield><datafield tag="700" ind1="-" ind2="1"><subfield code="a">340</subfield><subfield code="2">DNB</subfield></datafield><datafield tag="720" ind1="-" ind2="1"><subfield code="a">Paperback / softback</subfield><subfield code="2">Produktform</subfield></datafield><datafield tag="720" ind1="-" ind2="1"><subfield code="a">PRBU: Rabattgruppe Bücher</subfield><subfield code="2">Produktrabattgruppe</subfield></datafield><datafield tag="720" ind1="-" ind2="1"><subfield code="a">1774: Hardcover, Softcover / Recht/Strafrecht, Strafprozessrecht, Kriminologie</subfield><subfield code="2">VLB-WN</subfield></datafield><datafield tag="902" ind1="-" ind2="1"><subfield code="g">Deutschland</subfield><subfield code="9">(DE-588)4011882-4</subfield></datafield><datafield tag="902" ind1="-" ind2="1"><subfield code="s">Strafzumessung</subfield><subfield code="9">(DE-588)4057812-4</subfield></datafield><datafield tag="902" ind1="-" ind2="1"><subfield code="s">Strafrechtstheorie</subfield><subfield code="9">(DE-588)4133444-9</subfield></datafield><controlfield tag="SYS">020940133</controlfield><datafield tag="LOW" ind1="-" ind2="1"><subfield code="a">B3001</subfield></datafield><datafield tag="LOW" ind1="-" ind2="1"><subfield code="a">Q1105</subfield></datafield><datafield tag="LOW" ind1="-" ind2="1"><subfield code="a">K1056</subfield></datafield><datafield tag="LOW" ind1="-" ind2="1"><subfield code="a">K1053</subfield></datafield><datafield tag="LOW" ind1="-" ind2="1"><subfield code="a">Q1052</subfield></datafield><datafield tag="952" ind1="-" ind2="1"><subfield code="g">Deutsche Länder</subfield></datafield><datafield tag="952" ind1="-" ind2="1"><subfield code="g">Germany</subfield><subfield code="h">Deutschland</subfield></datafield><datafield tag="952" ind1="-" ind2="1"><subfield code="g">Heiliges Römisches Reich</subfield></datafield><datafield tag="952" ind1="-" ind2="1"><subfield code="g">Rheinbund</subfield></datafield><datafield tag="952" ind1="-" ind2="1"><subfield code="g">Deutscher Bund</subfield></datafield><datafield tag="952" ind1="-" ind2="1"><subfield code="g">Norddeutscher Bund</subfield></datafield><datafield tag="952" ind1="-" ind2="1"><subfield code="g">Deutsches Reich</subfield></datafield><datafield tag="952" ind1="-" ind2="1"><subfield code="g">Deutschland</subfield><subfield code="h">Gebiet unter Alliierter Besatzung</subfield></datafield><datafield tag="952" ind1="-" ind2="1"><subfield code="g">Deutschland</subfield><subfield code="h">Bundesrepublik, 1990-</subfield></datafield><datafield tag="952" ind1="-" ind2="1"><subfield code="g">BRD</subfield><subfield code="h">1990-</subfield></datafield><datafield tag="952" ind1="-" ind2="1"><subfield code="g">Federal Republic of Germany</subfield><subfield code="h">Deutschland</subfield></datafield><datafield tag="952" ind1="-" ind2="1"><subfield code="g">Republic of Germany</subfield><subfield code="h">Deutschland</subfield></datafield><datafield tag="952" ind1="-" ind2="1"><subfield code="g">Allemagne</subfield><subfield code="h">Deutschland</subfield></datafield><datafield tag="952" ind1="-" ind2="1"><subfield code="g">Ǧumhūrīyat Almāniyā al-Ittiḥādīya</subfield></datafield><datafield tag="952" ind1="-" ind2="1"><subfield code="g">Bundesrepublik Deutschland</subfield><subfield code="h">1990-</subfield></datafield><datafield tag="952" ind1="-" ind2="1"><subfield code="g">BRD</subfield></datafield><datafield tag="952" ind1="-" ind2="1"><subfield code="g">Niemcy</subfield></datafield><datafield tag="952" ind1="-" ind2="1"><subfield code="g">République Fédérale d&apos;Allemagne</subfield><subfield code="h">Deutschland</subfield></datafield><datafield tag="952" ind1="-" ind2="1"><subfield code="g">Repubblica Federale di Germania</subfield><subfield code="h">Deutschland</subfield></datafield><datafield tag="952" ind1="-" ind2="1"><subfield code="g">Germanija</subfield></datafield><datafield tag="952" ind1="-" ind2="1"><subfield code="g">Federativnaja Respublika Germanija</subfield></datafield><datafield tag="952" ind1="-" ind2="1"><subfield code="g">FRG</subfield></datafield><datafield tag="952" ind1="-" ind2="1"><subfield code="g">Deyizhi-Lianbang-Gongheguo</subfield></datafield><datafield tag="952" ind1="-" ind2="1"><subfield code="s">Strafbemessung</subfield></datafield><datafield tag="952" ind1="-" ind2="1"><subfield code="s">Strafe</subfield><subfield code="x">Strafzumessung</subfield></datafield><datafield tag="952" ind1="-" ind2="1"><subfield code="s">Strafe</subfield><subfield code="x">Theorie</subfield></datafield><datafield tag="952" ind1="-" ind2="1"><subfield code="s">Strafrecht</subfield><subfield code="x">Theorie</subfield></datafield><datafield tag="952" ind1="-" ind2="1"><subfield code="s">Straftheorie</subfield></datafield><datafield tag="088" ind1=" " ind2=" "><subfield code="a">38/208</subfield><subfield code="b">00208001</subfield><subfield code="c">208/ISR/HD1f746</subfield><subfield code="e">keine ILL</subfield></datafield><datafield tag="088" ind1=" " ind2=" "><subfield code="a">5/187</subfield><subfield code="b">00023000</subfield><subfield code="c">G qc 124</subfield><subfield code="e">keine ILL</subfield></datafield><datafield tag="088" ind1=" " ind2=" "><subfield code="a">38/205</subfield><subfield code="b">00205001</subfield><subfield code="c">205/A20-N.F.264</subfield><subfield code="e">keine ILL</subfield></datafield><datafield tag="088" ind1=" " ind2=" "><subfield code="a">294/39</subfield><subfield code="b">00039000</subfield><subfield code="c">123/Y/3264</subfield><subfield code="e">keine ILL</subfield></datafield><datafield tag="088" ind1=" " ind2=" "><subfield code="a">5/34</subfield><subfield code="b">00013000</subfield><subfield code="c">Ke 2578/150</subfield><subfield code="e">keine ILL</subfield></datafield><datafield tag="088" ind1=" " ind2=" "><subfield code="a">6/016</subfield><subfield code="c">StrR XIV 23/246</subfield><subfield code="e">keine Angabe</subfield></datafield></record></metadata></record></ListRecords></OAI-PMH>